@phdthesis{t-dissertation-2009,
  title={A Constraint Solver for Software Engineering: Finding Models and Cores of Large Relational Specifications},
  author={Emina Torlak},
  school={MIT},
  year={2009},
  note={\url{http://homes.cs.washington.edu/~emina/pubs/kodkod.phd.pdf}}
}
@misc{ny,
  title={Believer},
  author={Louis Menand},
  year={2005},
  note={\url{http://www.newyorker.com/magazine/2005/03/07/believer}}
}
